@misc{google,
	title={Google},
	url={https://google.com},
	journal={google.com},
	author={Oogle, Gregor},
	year={2018},
	urldate = {2018-10-08}
}
@book{goetz2006java,
	title={Java concurrency in practice},
	author={Goetz, Brian and Peierls, Tim},
	year={2006},
	publisher={Pearson Education}
}

@article{cattell2011scalable,
	title={Scalable SQL and NoSQL data stores},
	author={Cattell, Rick},
	journal={Acm Sigmod Record},
	volume={39},
	number={4},
	pages={12--27},
	year={2011},
	publisher={ACM}
}@BOOK{texbook,
   author = "Donald E. Knuth",
   title= "The {{\TeX}book}",
   publisher = "Addison-Wesley",
   year = 1984
   }

@BOOK{latexbook,
   author = "Leslie Lamport",
   title = "{\LaTeX \rm:} {A} Document Preparation System",
   publisher = "Addison-Wesley",
   year = 1986
   }

@BOOK{latexcompanion,
   author = "Frank Mittelbach and Michel Goossens",
   title = "The {\LaTeX }Companion Second Edition",
   publisher = "Addison-Wesley",
   year = 2004
   }

@misc{WikiBooks:2011:LaTeX,
   title = {LaTeX - Wikibooks, open books for an open world},
   howpublished={wikibooks},
   month = {Sept},
   year = {2011},
   url = {http://en.wikibooks.org/wiki/LaTeX}
}

@misc{bibtexsite,
  author={bibtex},
  year={2014},
  title={Home page BibTeX project},
  howpublished={web},
  url={http://www.bibtex.org/Using/}
}

@misc{ Nobody06,
       author = "Nobody Jr",
       title = "My Article",
       year = "2006"
}
