%% General items

@book{IS07,
        author = {Ian Sommerville},
        title = {Software Engineering: (Update) (8th Edition) (International Computer Science Series)},
        publisher = {Pearson Addison Wesley},
        year = {2007},
        isbn = {0321313798},
    }

 %% Software processes
 
 @inproceedings{GSV05,
 author = {Guimar√£es, Luciano Rodrigues and Souza Vilela, Pl\'{\i}nio Roberto},
 title = {Comparing software development models using CDM},
 booktitle = {SIGITE '05: Proceedings of the 6th conference on Information technology education},
 year = {2005},
 isbn = {1-59593-252-6},
 pages = {339--347},
 location = {Newark, NJ, USA},
 doi = {http://doi.acm.org/10.1145/1095714.1095793},
 publisher = {ACM},
 address = {New York, NY, USA},
 }
 
 @article{HT06,
 author = {B. Halpern and P. Tarr},
 title = {Model-driven development: the good, the bad, and the ugly.},
 journal = {IBM Systems Journal},
 volume = {54},
 number = {3},
 month = {July},
 year = {2006}
 }
 
 %% Project management 
 
 @inproceedings{CB04,
 author = {Beise, Catherine M.},
 title = {IT project management and virtual teams},
 booktitle = {SIGMIS CPR '04: Proceedings of the 2004 SIGMIS conference on Computer personnel research},
 year = {2004},
 isbn = {1-58113-847-4},
 pages = {129--133},
 location = {Tucson, AZ, USA},
 doi = {http://doi.acm.org/10.1145/982372.982405},
 publisher = {ACM},
 address = {New York, NY, USA},
 }
 
@inproceedings{MJ07,
 author = {Maqsood, Manzil e and Javed, Talha},
 title = {Practicum in software project management: an endeavor to effective and pragmatic software project management education},
 booktitle = {ESEC-FSE '07: Proceedings of the the 6th joint meeting of the European software engineering conference and the ACM SIGSOFT symposium on The foundations of software engineering},
 year = {2007},
 isbn = {978-1-59593-811-4},
 pages = {471--480},
 location = {Dubrovnik, Croatia},
 doi = {http://doi.acm.org/10.1145/1287624.1287691},
 publisher = {ACM},
 address = {New York, NY, USA},
 } 
 
@book{SB07,
 author = {Berkun, Scott},
 title = {The Myths of Innovation},
 year = {2007},
 isbn = {0596527055},
 publisher = {O'Reilly Media, Inc.},
 }

%% Configuration management
@ARTICLE{Conradi98versionmodels,
	author = {R Conradi and B Westfechtel},
	title = {Version Models for Software Configuration Management},
	journal = {ACM Computing Surveys},
	year = {1998},
	number = {30},
	pages = {232--282}
}


@article{CW98,
 author = {Conradi, Reidar and Westfechtel, Bernhard},
 title = {Version models for software configuration management},
 journal = {ACM Comput. Surv.},
 volume = {30},
 number = {2},
 year = {1998},
 issn = {0360-0300},
 pages = {232--282},
 doi = {http://doi.acm.org/10.1145/280277.280280},
 publisher = {ACM},
 address = {New York, NY, USA},
 }
 
@article{ELetal05,
 author = {Estublier, Jacky and Leblang, David and Hoek, Andr\'{e} van der and Conradi, Reidar and Clemm, Geoffrey and Tichy, Walter and Wiborg-Weber, Darcy},
 title = {Impact of software engineering research on the practice of software configuration management},
 journal = {ACM Trans. Softw. Eng. Methodol.},
 volume = {14},
 number = {4},
 year = {2005},
 issn = {1049-331X},
 pages = {383--430},
 doi = {http://doi.acm.org/10.1145/1101815.1101817},
 publisher = {ACM},
 address = {New York, NY, USA},
 }
 
 %% Architectural Design 
 
@inproceedings{SG06,
 author = {Giesecke, Simon},
 title = {Taxonomy of architectural style usage},
 booktitle = {PLoP '06: Proceedings of the 2006 conference on Pattern languages of programs},
 year = {2006},
 isbn = {978-1-60558-372-3},
 pages = {1--10},
 location = {Portland, Oregon},
 doi = {http://doi.acm.org/10.1145/1415472.1415510},
 publisher = {ACM},
 address = {New York, NY, USA},
 }
 
@book{HB05,
 author = {Balzert, Heide},
 title = {Lehrbuch der Objektmodellierung},
 year = {2005},
 isbn = {3827411629},
 publisher = {Spektrum Akademischer Verlag},
 }

%% Software Evolution

@inproceedings{KA04,
 author = {Agusa, Kiyoshi},
 title = {Software Engineering Evolution},
 booktitle = {IWPSE '04: Proceedings of the Principles of Software Evolution, 7th International Workshop},
 year = {2004},
 isbn = {0-7695-2211-4},
 pages = {3--8},
 doi = {http://dx.doi.org/10.1109/IWPSE.2004.16},
 publisher = {IEEE Computer Society},
 address = {Washington, DC, USA},
 }
 
@techreport{DKV99,
 author = {Deursen, Arie and Klint, Paul and Verhoef, Chris},
 title = {Research issues in the renovation of legacy systems},
 year = {1999},
 source = {http://www.ncstrl.org:8900/ncstrl/servlet/search?formname=detail\&id=oai%3Ancstrlh%3Aercim_cwi%3Aercim.cwi%2F%2FSEN-R9908},
 publisher = {CWI (Centre for Mathematics and Computer Science)},
 address = {Amsterdam, The Netherlands, The Netherlands},
 }
 
@misc{HS07, 
author = {Sneed, H.},
title = {The Drawbacks of Model-Driven Software Evolution},
resource = {Online Proceedings - IEEE CSMR: Workshop on Model-Driven Software Evolution},
doi = {http://www.cs.vu.nl/csmr2007/},
year = {2007},
}
 
%% Verification, Validation, Software Testing

@inproceedings{TS06,
 author = {Taipale, Ossi and Smolander, Kari},
 title = {Improving software testing by observing practice},
 booktitle = {ISESE '06: Proceedings of the 2006 ACM/IEEE international symposium on Empirical software engineering},
 year = {2006},
 isbn = {1-59593-218-6},
 pages = {262--271},
 location = {Rio de Janeiro, Brazil},
 doi = {http://doi.acm.org/10.1145/1159733.1159773},
 publisher = {ACM},
 address = {New York, NY, USA},
 } 
 
@inproceedings{DAetal07,
 author = {Dias Neto, Arilo C. and Subramanyan, Rajesh and Vieira, Marlon and Travassos, Guilherme H.},
 title = {A survey on model-based testing approaches: a systematic review},
 booktitle = {WEASELTech '07: Proceedings of the 1st ACM international workshop on Empirical assessment of software engineering languages and technologies},
 year = {2007},
 isbn = {978-1-59593-880-0},
 pages = {31--36},
 location = {Atlanta, Georgia},
 doi = {http://doi.acm.org/10.1145/1353673.1353681},
 publisher = {ACM},
 address = {New York, NY, USA},
 }
 
 %% Quality Management 
 
@inproceedings{WD07,
 author = {Wagner, Stefan and Deissenboeck, Florian},
 title = {An Integrated Approach to Quality Modelling},
 booktitle = {WoSQ '07: Proceedings of the 5th International Workshop on Software Quality},
 year = {2007},
 isbn = {0-7695-2959-3},
 pages = {1},
 doi = {http://dx.doi.org/10.1109/WOSQ.2007.3},
 publisher = {IEEE Computer Society},
 address = {Washington, DC, USA},
 }
 
@inproceedings{WWV99,
 author = {Ward,Jr. and William, A and Venkataraman, B.},
 title = {Some observations on software quality},
 booktitle = {ACM-SE 37: Proceedings of the 37th annual Southeast regional conference (CD-ROM)},
 year = {1999},
 isbn = {1-58113-128-3},
 pages = {2},
 doi = {http://doi.acm.org/10.1145/306363.306367},
 publisher = {ACM},
 address = {New York, NY, USA},
 }
 
@article{FF97,
 author = {Fox, Christopher and Frakes, William},
 title = {The quality approach: is it delivering?},
 journal = {Commun. ACM},
 volume = {40},
 number = {6},
 year = {1997},
 issn = {0001-0782},
 pages = {24--29},
 doi = {http://doi.acm.org/10.1145/255656.255678},
 publisher = {ACM},
 address = {New York, NY, USA},
 }
 
 %% (Software) Process Improvement 

@article{IA05,
 author = {Ian Allison},
 title = {Towards and Agile Approach to Software Process Improvement},
 journal = {Communications of the IIAM},
 volume = {5},
 number = {1},
 year = {2005},
 pages = {67--76},
 }

@article{DM99,
 author = {D. Stelzer and W. Mellis},
 title = {Success Factors of Organizational Change in Software Process Improvement},
 journal = {Software Process and Practice},
 volume = {4},
 number = {4},
 year = {1999},
 pages = {2--34},
 }

 